@online{houseofgraphs,
    author = {K. Coolsaet, S. D'hondt and J. Goedgebeur},
    title = { House of Graphs 2.0: A database of interesting graphs and more, Discrete Applied Mathematics, 325:97-107},
    year = {2023},
    url = {https://houseofgraphs.org}
}

@inproceedings{hindi2012genetic,
  title={Genetic algorithm applied to the graph coloring problem},
  author={Hindi, Musa M and Yampolskiy, Roman V},
  booktitle={Proc. 23rd Midwest Artificial Intelligence and Cognitive Science Conf},
  pages={61--66},
  year={2012}
}

@misc{shen2003solving,
  title={Solving the graph coloring problem using genetic programming},
  author={Shen, J},
  year={2003},
  publisher={Stanford, California}
}

@book{kovaceviv2020diskretna,
  title     = {Diskretna matematika 1},
  author    = {D. Kovačević and M. Krnić and A. Nakić and M. Osvin Pavčević},
  year      = {2020},
  publisher = {FER},
  pages = {155--163}
}

@article{cranston2015brooks,
  title={Brooks' Theorem and beyond},
  author={Cranston, Daniel W and Rabern, Landon},
  journal={Journal of Graph Theory},
  volume={80},
  number={3},
  pages={199--225},
  year={2015},
  publisher={Wiley Online Library}
}

@inproceedings{marappan2013new,
  title={A new genetic algorithm for graph coloring},
  author={Marappan, Raja and Sethumadhavan, Gopalakrishnan},
  booktitle={2013 Fifth International Conference on Computational Intelligence, Modelling and Simulation},
  pages={49--54},
  year={2013},
  organization={IEEE}
}

@book{cupic2010prirodom,
  title     = {Prirodom inspirirani optimizacijski algoritmi},
  author    = {M. Čupić},
  year      = {2010},
  publisher = {FER}
}

@online{geeksforgeeks,
    author = {P. Gupta and H. V. Goenka},
    title = { Genetic Algorithms for Graph Colouring},
    year = {2021},
    url = {https://www.geeksforgeeks.org/project-idea-genetic-algorithms-for-graph-colouring/}
}

@article{rajagaspar2022applications,
  title={Applications of Graph Coloring Using Vertex Coloring},
  author={Rajagaspar, M and Senthil, S},
  journal={JOURNAL OF ALGEBRAIC STATISTICS},
  volume={13},
  number={2},
  pages={3447--3454},
  year={2022}
}
